@Book{BK08,
author={C. Baier and J.-P. Katoen},
title={Principles of Model Checking},
publisher={MIT Press},
year={2008},

volume={},
series={},
address={},
edition={},
month={},
note={},
key={}
}

@inproceedings{aranda2009secret,
  title={The secret life of bugs: Going past the errors and omissions in software repositories},
  author={Aranda, Jorge and Venolia, Gina},
  booktitle={Proceedings of the 31st international conference on software engineering},
  pages={298--308},
  year={2009},
  organization={IEEE Computer Society}
}

@Article{Korkala2014WasteIdentification,
  author = {Mikko Korkala and Frank Maurer},
  title = {Waste identification as the means for improving communication in globally distributed agile software
development },
  journal = {The Journal of Systems and Software},
  year = 2014,
  volume = 95,
  pages = {122--140}
}

@inproceedings{bettenburg2008makes,
  title={What makes a good bug report?},
  author={Bettenburg, Nicolas and Just, Sascha and Schr{\"o}ter, Adrian and Weiss, Cathrin and Premraj, Rahul and Zimmermann, Thomas},
  booktitle={Proceedings of the 16th ACM SIGSOFT International Symposium on Foundations of software engineering},
  pages={308--318},
  year={2008},
  organization={ACM}
}
