@article{turing37computable,
 author = "Alan M. Turing",
 title = "On computable numbers, with an application to the Entscheidungsproblem",
 journal = "Proceedings of the London Mathematical Society Series 2",
 volume = "42",
 year = "1937",
 pages = "230--265",
}

@book{knuth68art,
 title = "The Art of Computer Programming, Volume 1: Fundamental Algorithms",
 author = "Donald E. Knuth",
 year = "1968",
 publisher = "Addison Wesley",
 edition = "1st",
}

@Article{aranda2009secret,
  title={The secret life of bugs: Going past the errors and omissions in software repositories},
  author={Aranda, Jorge and Venolia, Gina},
  booktitle={Proceedings of the 31st international conference on software engineering},
  pages={298--308},
  year={2009},
  organization={IEEE Computer Society}
}

@Article{Korkala2014WasteIdentification,
  author = {Mikko Korkala and Frank Maurer},
  title = {Waste identification as the means for improving communication in globally distributed agile software
development },
  journal = {The Journal of Systems and Software},
  year = 2014,
  volume = 95,
  pages = {122--140}
}

@Article{bettenburg2008makes,
  title={What makes a good bug report?},
  author={Bettenburg, Nicolas and Just, Sascha and Schr{\"o}ter, Adrian and Weiss, Cathrin and Premraj, Rahul and Zimmermann, Thomas},
  booktitle={Proceedings of the 16th ACM SIGSOFT International Symposium on Foundations of software engineering},
  pages={308--318},
  year={2008},
  organization={ACM}
}

@Article{anvik2006should,
  title={Who should fix this bug?},
  author={Anvik, John and Hiew, Lyndon and Murphy, Gail C},
  booktitle={Proceedings of the 28th international conference on Software engineering},
  pages={361--370},
  year={2006},
  organization={ACM}
}

@Article{sedano2017software,
  title={Software development waste},
  author={Sedano, Todd and Ralph, Paul and P{\'e}raire, C{\'e}cile},
  booktitle={Proceedings of the 39th International Conference on Software Engineering},
  pages={130--140},
  year={2017},
  organization={IEEE Press}
}

@Article{wilson2005recognizing,
  title={Recognizing contextual polarity in phrase-level sentiment analysis},
  author={Wilson, Theresa and Wiebe, Janyce and Hoffmann, Paul},
  booktitle={Proceedings of the conference on human language technology and empirical methods in natural language processing},
  pages={347--354},
  year={2005},
  organization={Association for Computational Linguistics}
}

@Article{grimstad2006framework,
  title={A framework for the analysis of software cost estimation accuracy},
  author={Grimstad, Stein and J{\o}rgensen, Magne},
  booktitle={Proceedings of the 2006 ACM/IEEE international symposium on Empirical software engineering},
  pages={58--65},
  year={2006},
  organization={ACM}
}

@Article{turney2002thumbs,
  title={Thumbs up or thumbs down?: semantic orientation applied to unsupervised classification of reviews},
  author={Turney, Peter D},
  booktitle={Proceedings of the 40th annual meeting on association for computational linguistics},
  pages={417--424},
  year={2002},
  organization={Association for Computational Linguistics}
}

@Article{kitchenham1996software,
  title={Software quality: the elusive target [special issues section]},
  author={Kitchenham, Barbara and Pfleeger, Shari Lawrence},
  journal={IEEE software},
  volume={13},
  number={1},
  pages={12--21},
  year={1996},
  publisher={IEEE}
}

@Article{stamelos2002code,
  title={Code quality analysis in open source software development},
  author={Stamelos, Ioannis and Angelis, Lefteris and Oikonomou, Apostolos and Bleris, Georgios L},
  journal={Information Systems Journal},
  volume={12},
  number={1},
  pages={43--60},
  year={2002},
  publisher={Wiley Online Library}
}

@Article{ikonen2010exploring,
  title={Exploring the sources of waste in kanban software development projects},
  author={Ikonen, Marko and Kettunen, Petri and Oza, Nilay and Abrahamsson, Pekka},
  booktitle={Software Engineering and Advanced Applications (SEAA), 2010 36th EUROMICRO Conference on},
  pages={376--381},
  year={2010},
  organization={IEEE}
}

@Article{Naguib2013BugReportAssignee,
  author = {Hoda Naguib and Nitesh Narayan and Bernd Br{"{u}}gge and Dina Helal},
  editor = {Thomas Zimmermann and
  Massimiliano Di Penta and
  Sunghun Kim},
  title = {Bug report assignee recommendation using activity profiles},
  booktitle = {Proceedings of the 10th Working Conference on Mining Software Repositories, {MSR} '13, San Francisco, CA,
  USA, May 18-19, 2013},
  pages = {22--30},
  publisher = {{IEEE} Computer Society},
  year = {2013},
  keywords = {global, software engineering}
}

@Article{hooimeijer2007modeling,
  title={Modeling bug report quality},
  author={Hooimeijer, Pieter and Weimer, Westley},
  booktitle={Proceedings of the twenty-second IEEE/ACM international conference on Automated software engineering},
  pages={34--43},
  year={2007},
  organization={ACM}
}

@Article{Heinrich2007MetricsDataQuality,
  author = {Bernd Heinrich and Marcus Kaiser and Mathias Klier},
  title = {Metrics For Measuring Data Quality Foundations for an economic data quality management},
  booktitle = {{ICSOFT} 2007, Proceedings of the Second International Conference on Software and Data Technologies,
Barcelona Spain 2007},
  year = 2007,
  editor = {Joaquim Filipe and Boris Shishkov and Markus Helfert},
  pages = {87--94},
  publisher = {{INSTICC} Press},
  keywords = {Data Quality}
}

@Article{redman1998impact,
  title={The impact of poor data quality on the typical enterprise},
  author={Redman, Thomas C},
  journal={Communications of the ACM},
  volume={41},
  number={2},
  pages={79--82},
  year={1998},
  publisher={ACM}
} 

@Article{gorla2010organizational,
  title={Organizational impact of system quality, information quality, and service quality},
  author={Gorla, Narasimhaiah and Somers, Toni M and Wong, Betty},
  journal={The Journal of Strategic Information Systems},
  volume={19},
  number={3},
  pages={207--228},
  year={2010},
  publisher={Elsevier}
}

@Article{prybutok2008evaluating,
  title={Evaluating leadership, IT quality, and net benefits in an e-government environment},
  author={Prybutok, Victor R and Zhang, Xiaoni and Ryan, Sherry D},
  journal={Information \& Management},
  volume={45},
  number={3},
  pages={143--152},
  year={2008},
  publisher={Elsevier}
}

@Article{lee2002aimq,
  title={AIMQ: a methodology for information quality assessment},
  author={Lee, Yang W and Strong, Diane M and Kahn, Beverly K and Wang, Richard Y},
  journal={Information \& management},
  volume={40},
  number={2},
  pages={133--146},
  year={2002},
  publisher={Elsevier}
}

@Article{nelson2005antecedents,
  title={Antecedents of information and system quality: an empirical examination within the context of data warehousing},
  author={Nelson, R Ryan and Todd, Peter A and Wixom, Barbara H},
  journal={Journal of management information systems},
  volume={21},
  number={4},
  pages={199--235},
  year={2005},
  publisher={Taylor \& Francis}
}

@Article{lee2003knowing,
  title={Knowing-why about data processes and data quality},
  author={Lee, Yang W and Strong, Diane M},
  journal={Journal of Management Information Systems},
  volume={20},
  number={3},
  pages={13--39},
  year={2003},
  publisher={Taylor \& Francis}
}

@Article{strong1997data,
  title={Data quality in context},
  author={Strong, Diane M and Lee, Yang W and Wang, Richard Y},
  journal={Communications of the ACM},
  volume={40},
  number={5},
  pages={103--110},
  year={1997},
  publisher={ACM}
}

@Article{pipino2002data,
  title={Data quality assessment},
  author={Pipino, Leo L and Lee, Yang W and Wang, Richard Y},
  journal={Communications of the ACM},
  volume={45},
  number={4},
  pages={211--218},
  year={2002},
  publisher={ACM}
}

@Article{wang1998product,
  title={A product perspective on total data quality management},
  author={Wang, Richard Y},
  journal={Communications of the ACM},
  volume={41},
  number={2},
  pages={58--65},
  year={1998},
  publisher={ACM}
}

@Article{anvik2006automating,
  title={Automating bug report assignment},
  author={Anvik, John},
  booktitle={Proceedings of the 28th international conference on Software engineering},
  pages={937--940},
  year={2006},
  organization={ACM}
}

@Article{anvik2011reducing,
  title={Reducing the effort of bug report triage: Recommenders for development-oriented decisions},
  author={Anvik, John and Murphy, Gail C},
  journal={ACM Transactions on Software Engineering and Methodology (TOSEM)},
  volume={20},
  number={3},
  pages={10},
  year={2011},
  publisher={ACM}
}

@Article{harter2000effects,
  title={Effects of process maturity on quality, cycle time, and effort in software product development},
  author={Harter, Donald E and Krishnan, Mayuram S and Slaughter, Sandra A},
  journal={Management Science},
  volume={46},
  number={4},
  pages={451--466},
  year={2000},
  publisher={INFORMS}
}

@Article{zhou2012should,
  title={Where should the bugs be fixed?-more accurate information retrieval-based bug localization based on bug reports},
  author={Zhou, Jian and Zhang, Hongyu and Lo, David},
  booktitle={Proceedings of the 34th International Conference on Software Engineering},
  pages={14--24},
  year={2012},
  organization={IEEE Press}
}

@Article{fischer2003analyzing,
  title={Analyzing and relating bug report data for feature tracking},
  author={Fischer, Michael and Pinzger, Martin and Gall, Harald},
  booktitle={WCRE},
  volume={3},
  pages={90},
  year={2003}
}

@Article{bettenburg2008duplicate,
  title={Duplicate bug reports considered harmfulâ€¦ really?},
  author={Bettenburg, Nicolas and Premraj, Rahul and Zimmermann, Thomas and Kim, Sunghun},
  booktitle={Software maintenance, 2008. ICSM 2008. IEEE international conference on},
  pages={337--345},
  year={2008},
  organization={IEEE}
}

@Article{rastkar2010summarizing,
  title={Summarizing software artifacts: a case study of bug reports},
  author={Rastkar, Sarah and Murphy, Gail C and Murray, Gabriel},
  booktitle={Proceedings of the 32nd ACM/IEEE International Conference on Software Engineering-Volume 1},
  pages={505--514},
  year={2010},
  organization={ACM}
}

@Article{jeong2009improving,
  title={Improving bug triage with bug tossing graphs},
  author={Jeong, Gaeul and Kim, Sunghun and Zimmermann, Thomas},
  booktitle={Proceedings of the the 7th joint meeting of the European software engineering conference and the ACM SIGSOFT symposium on The foundations of software engineering},
  pages={111--120},
  year={2009},
  organization={ACM}
}

@Article{just2008towards,
  title={Towards the next generation of bug tracking systems},
  author={Just, Sascha and Premraj, Rahul and Zimmermann, Thomas},
  booktitle={Visual languages and Human-Centric computing, 2008. VL/HCC 2008. IEEE symposium on},
  pages={82--85},
  year={2008},
  organization={IEEE}
}

@Article{bettenburg2007quality,
  title={Quality of bug reports in Eclipse},
  author={Bettenburg, Nicolas and Just, Sascha and Schr{\"o}ter, Adrian and Wei{\ss}, Cathrin and Premraj, Rahul and Zimmermann, Thomas},
  booktitle={Proceedings of the 2007 OOPSLA workshop on eclipse technology eXchange},
  pages={21--25},
  year={2007},
  organization={ACM}
}

@Article{bachmann2009software,
  title={Software process data quality and characteristics: a historical view on open and closed source projects},
  author={Bachmann, Adrian and Bernstein, Abraham},
  booktitle={Proceedings of the joint international and annual ERCIM workshops on Principles of software evolution (IWPSE) and software evolution (Evol) workshops},
  pages={119--128},
  year={2009},
  organization={ACM}
}

@Article{bettenburg2008extracting,
  title={Extracting structural information from bug reports},
  author={Bettenburg, Nicolas and Premraj, Rahul and Zimmermann, Thomas and Kim, Sunghun},
  booktitle={Proceedings of the 2008 international working conference on Mining software repositories},
  pages={27--30},
  year={2008},
  organization={ACM}
}

@Article{schroter2010stack,
  title={Do stack traces help developers fix bugs?},
  author={Schroter, Adrian and Schr{\"o}ter, Adrian and Bettenburg, Nicolas and Premraj, Rahul},
  booktitle={Mining Software Repositories (MSR), 2010 7th IEEE Working Conference on},
  pages={118--121},
  year={2010},
  organization={IEEE}
}

@Article{kim2013should,
  title={Where should we fix this bug? a two-phase recommendation model},
  author={Kim, Dongsun and Tao, Yida and Kim, Sunghun and Zeller, Andreas},
  journal={IEEE transactions on software Engineering},
  volume={39},
  number={11},
  pages={1597--1610},
  year={2013},
  publisher={IEEE}
}

@Article{bettenburg2012using,
  title={Using fuzzy code search to link code fragments in discussions to source code},
  author={Bettenburg, Nicolas and Thomas, Stephen W and Hassan, Ahmed E},
  booktitle={Software Maintenance and Reengineering (CSMR), 2012 16th European Conference on},
  pages={319--328},
  year={2012},
  organization={IEEE}
}

@Article{lamkanfi2010predicting,
  title={Predicting the severity of a reported bug},
  author={Lamkanfi, Ahmed and Demeyer, Serge and Giger, Emanuel and Goethals, Bart},
  booktitle={Mining Software Repositories (MSR), 2010 7th IEEE Working Conference on},
  pages={1--10},
  year={2010},
  organization={IEEE}
}

@Article{breu2010information,
  title={Information needs in bug reports: improving cooperation between developers and users},
  author={Breu, Silvia and Premraj, Rahul and Sillito, Jonathan and Zimmermann, Thomas},
  booktitle={Proceedings of the 2010 ACM conference on Computer supported cooperative work},
  pages={301--310},
  year={2010},
  organization={ACM}
}

@Article{swanson1997maintaining,
  title={Maintaining IS quality},
  author={Swanson, E Burton},
  journal={Information and Software Technology},
  volume={39},
  number={12},
  pages={845--850},
  year={1997},
  publisher={Elsevier}
}

@misc{jira,
  author = {Atlassian},
  title = {{Jira}},
  howpublished = "\url{https://www.atlassian.com/software/jira}",
  note = "[Online; accessed 02-April-2018]"
}

@misc{bugzilla,
  author = {Mozilla},
  title = {{Bugzilla}},
  howpublished = "\url{https://www.bugzilla.org/}",
  note = "[Online; accessed 02-April-2018]"
}

@misc{bolt,
  author = {Ben Johnson},
  title = {{Bolt}},
  howpublished = "\url{https://github.com/boltdb/bolt}",
  note = "[Online; accessed 19-February-2018]"
}

@misc{gcp_nlp,
  author = {Google},
  title = {{GCP Natural Language Processing API}},
  howpublished = "\url{https://cloud.google.com/natural-language}",
  note = "[Online; accessed 05-March-2018]"
}

@misc{bing,
  author = {Microsoft},
  title = {{Bing Spell Check API}},
  howpublished = "\url{https://azure.microsoft.com/services/cognitive-services/spell-check}",
  note = "[Online; accessed 05-March-2018]"
}

@misc{apache_projects,
  author = {Apache Software Foundation},
  title = {{Apache Projects}},
  howpublished = "\url{https://projects.apache.org/projects.html?language}",
  note = "[Online; accessed 12-March-2018]"
}

@misc{r_stats,
  author = {Senseye},
  title = {{Roger}},
  howpublished = "\url{https://github.com/senseyeio/roger}",
  note = "[Online; accessed 21-March-2018]"
}

@Book{brooks1995mythical,
  title={The Mythical Man-Month: Essays on Software Engineering, Anniversary Edition, 2/E},
  author={Brooks Jr, Frederick P},
  year={1995},
  publisher={Pearson Education India}
}

@inproceedings{latoza2006maintaining,
  title={Maintaining mental models: a study of developer work habits},
  author={LaToza, Thomas D and Venolia, Gina and DeLine, Robert},
  booktitle={Proceedings of the 28th international conference on Software engineering},
  pages={492--501},
  year={2006},
  organization={ACM}
}

@inproceedings{zimmermann2009improving,
  title={Improving bug tracking systems},
  author={Zimmermann, Thomas and Premraj, Rahul and Sillito, Jonathan and Breu, Silvia},
  booktitle={Software Engineering-Companion Volume, 2009. ICSE-Companion 2009. 31st International Conference on},
  pages={247--250},
  year={2009},
  organization={IEEE}
}

@article{welch1947generalization,
  title={The generalization ofstudent's' problem when several different population variances are involved},
  author={Welch, Bernard L},
  journal={Biometrika},
  volume={34},
  number={1/2},
  pages={28--35},
  year={1947},
  publisher={JSTOR}
}

@article{spearman1904proof,
  title={The proof and measurement of association between two things},
  author={Spearman, Charles},
  journal={The American journal of psychology},
  volume={15},
  number={1},
  pages={72--101},
  year={1904},
  publisher={JSTOR}
}

@inproceedings{moreno2014use,
  title={On the use of stack traces to improve text retrieval-based bug localization},
  author={Moreno, Laura and Treadway, John Joseph and Marcus, Andrian and Shen, Wuwei},
  booktitle={Software Maintenance and Evolution (ICSME), 2014 IEEE International Conference on},
  pages={151--160},
  year={2014},
  organization={IEEE}
}

@article{crowston2012free,
  title={Free/Libre open-source software development: What we know and what we do not know},
  author={Crowston, Kevin and Wei, Kangning and Howison, James and Wiggins, Andrea},
  journal={ACM Computing Surveys (CSUR)},
  volume={44},
  number={2},
  pages={7},
  year={2012},
  publisher={ACM}
}

@inproceedings{vijayakumar2014much,
  title={How much effort needed to fix the bug? A data mining approach for effort estimation and analysing of bug report attributes in Firefox},
  author={Vijayakumar, K and Bhuvaneswari, V},
  booktitle={Intelligent Computing Applications (ICICA), 2014 International Conference on},
  pages={335--339},
  year={2014},
  organization={IEEE}
}